<?xml version="1.0" encoding="UTF-8"?>
<record xmlns="http://www.loc.gov/MARC21/slim" xmlns:xsi="http://www.w3.org/2001/XMLSchema-instance" xsi:schemaLocation="http://www.loc.gov/MARC21/slim http://www.loc.gov/standards/marcxml/schema/MARC21slim.xsd">
<leader>     nam a2200229 a 4500</leader>
<controlfield tag="001">002178443</controlfield>
<controlfield tag="003">NNU</controlfield>
<controlfield tag="005">20061010172445.0</controlfield>
<controlfield tag="008">940923s1904    le            000 1bara d</controlfield>
<datafield tag="035" ind1="9" ind2=" ">
<subfield code="a">NYUb11210885</subfield>
</datafield>
<datafield tag="035" ind1=" " ind2=" ">
<subfield code="a">(CStRLIN)NYUG94-B47113</subfield>
</datafield>
<datafield tag="040" ind1=" " ind2=" ">
<subfield code="a">NjP</subfield>
<subfield code="c">NjP</subfield>
</datafield>
<datafield tag="066" ind1=" " ind2=" ">
<subfield code="c">(3</subfield>
</datafield>
<datafield tag="090" ind1=" " ind2=" ">
<subfield code="a">PJ7862.A2438</subfield>
<subfield code="b">A75 1904</subfield>
</datafield>
<datafield tag="100" ind1="1" ind2=" ">
<subfield code="a">Saʻādah, Rufūl</subfield>
<subfield code="6">880-01</subfield>
</datafield>
<datafield tag="245" ind1="1" ind2="3">
<subfield code="6">880-02</subfield>
<subfield code="a">al-ʻAql wa-al-dīn :</subfield>
<subfield code="b">riwāyah adabīyah tārīkhīyah mawḍūʻuhā ḥayāt Mūsá al-mushtariʻ al-Isrāʼīlī al-ʻaẓīm wa-taḥrīr al-ʻIbrānīyīn min ʻubūdīyat al-Miṣrīyīn wa-taʼsīs al-mamlakah al-Isrāʼīlīyah wa-al-sharīʻah al-mūsawīyah wa-maṣādiruhā /</subfield>
<subfield code="c">muʼllifaha Rufūl Saʻādah.</subfield>
</datafield>
<datafield tag="260" ind1=" " ind2=" ">
<subfield code="6">880-03</subfield>
<subfield code="a">[Lebanon?] :</subfield>
<subfield code="b">ṭubiʻat fī Maṭbaʻat al-Munāẓir,</subfield>
<subfield code="c">1904.</subfield>
</datafield>
<datafield tag="300" ind1=" " ind2=" ">
<subfield code="a">131 p. ;</subfield>
<subfield code="c">21 cm.</subfield>
</datafield>
<datafield tag="600" ind1="0" ind2="0">
<subfield code="a">Moses</subfield>
<subfield code="c">(Biblical leader)</subfield>
<subfield code="v">Fiction.</subfield>
</datafield>
<datafield tag="880" ind1="0" ind2=" ">
<subfield code="6">100-01/</subfield>
<subfield code="a">رفول سعادة.</subfield>
</datafield>
<datafield tag="880" ind1="1" ind2="2">
<subfield code="6">245-02/</subfield>
<subfield code="a">العقل والدين :</subfield>
<subfield code="b">رواية أدبية تاريخية موضوعها حياة موسى المشترع الإسرائيلي العظيم وتحرير العبرانيين من عبودية المصريين وتأسيس المملكة الاسرائيلية والشريعة الموسوية ومصادرها /</subfield>
<subfield code="c">مؤلفها رفول سعادة.</subfield>
</datafield>
<datafield tag="880" ind1=" " ind2=" ">
<subfield code="6">260-03/</subfield>
<subfield code="a">[Lebanon?] :</subfield>
<subfield code="b">طبعت في مطبعة المناظر،</subfield>
<subfield code="c">١٩٠٤.</subfield>
</datafield>
<datafield tag="OWN" ind1=" " ind2=" ">
<subfield code="a">GENERAL</subfield>
</datafield>
<datafield tag="998" ind1=" " ind2=" ">
<subfield code="a">19940923</subfield>
<subfield code="d">19940923</subfield>
<subfield code="d">19940923</subfield>
<subfield code="n">NNU</subfield>
<subfield code="s">1</subfield>
<subfield code="t">c</subfield>
<subfield code="z">p</subfield>
</datafield>
<datafield tag="AVA" ind1=" " ind2=" ">
<subfield code="a">NYU50</subfield>
<subfield code="b">BOBST</subfield>
<subfield code="c">Main Collection</subfield>
<subfield code="d">PJ7862.A2438 A75 1904</subfield>
<subfield code="e">unavailable</subfield>
<subfield code="t">Unavailable</subfield>
<subfield code="f">1</subfield>
<subfield code="g">1</subfield>
<subfield code="h">N</subfield>
<subfield code="i">0</subfield>
<subfield code="j">MAIN</subfield>
<subfield code="k">0</subfield>
</datafield>
</record>
